@book{BW97,
    title = {Mathematical Go: Chilling gets the last point},
    author = {E. R. Berlekamp and D. Wolfe},
    year = {1997},
    publisher = {A K Peters/CRC Press},
}

@book{Gon86,
    title = {An Introduction to the Theory of Surreal Numbers},
    author = {H. Gonshor},
    year = {1986},
    publisher = {Cambridge University Press},
}

@online {nonstandard,
    title = {Short Introduction to Nonstandard Analysis},
    author = {E. E. Rosinger},
    year = {2004},
    archivePrefix = {arXiv},
    eprint = {math/0407178},
}

@article {unification,
    title = {The Absolute Arithmetic Continuum and the Unification of All Numbers Great and Small},
    author = {P. Ehrlich},
    year = {2012},
    journal = {Bulletin of Symbolic Logic},
    volume = {18},
    number = {1},
    pages = {1--45}
}
