@article{ Hesi,
    author    = {毛天一，石权，林洁，王芝兰},
    title     = {折纸的代数结构},
    journal   = {荷思},
    year      = {2008},
    number    = {2},
    pages     = {4--14}
}

@article { Hul,
    author    = {Thomas Hull},
    year      = {1996},
    title     = {A Note on "Impossible" Paper Folding},
    journal   = {The American Mathematical Monthly},
    volume    = {103},
    number    = {3},
    pages     = {240--241}
}

@article { Vid,
    author    = {Carlos R. Videla},
    year      = {1997},
    title     = {On Points Constructible from Conics},
    journal   = {Mathematical Intelligencer},
    volume    = {19},
    number    = {2},
    pages     = {53--57}
}