
@book{diffmfdandliegp,
  title={Foundations of Differentiable manifolds and Lie Groups},
  author={Warner, F. W. },
  publisher = {Springer-Verlag},
  year={1983},
}

@book{ATspanier,
  title={Algebraic Topology},
  author={Spanier, E. H.},
  publisher = {Mcgraw-Hill Book Company},
  year={1966},
}


@book{CA,
  title={Introduction to Commutative Algebra},
  author={Atiyah, M. F. and Macdonald, I. G.},
  publisher = {Addison-Wesley Publishing Company },
  year={1969},
}

@book{PoAG,
  title={Principles of Algebraic Geometry},
  author={Griffiths, P. A. and Harris, J. D.},
  publisher = {Wiley Classics Library},
  year={1994},
}
