@article{10.1155/S1073792896000128,
    author = {Kuperberg, Greg},
    title = "{Another proof of the alternative-sign matrix conjecture}",
    journal = {International Mathematics Research Notices},
    volume = {1996},
    number = {3},
    pages = {139-150},
    year = {1996},
}

