@article{milnor7sphere,
 ISSN = {0003486X},
 URL = {http://www.jstor.org/stable/1969983},
 author = {John Milnor},
 journal = {Annals of Mathematics},
 number = {2},
 pages = {399--405},
 publisher = {Annals of Mathematics},
 title = {On Manifolds Homeomorphic to the $7$-Sphere},
 volume = {64},
 year = {1956}
}

@article{milnorspheres,
 ISSN = {00029327, 10806377},
 URL = {http://www.jstor.org/stable/2372998},
 author = {John Milnor},
 journal = {American Journal of Mathematics},
 number = {4},
 pages = {962--972},
 publisher = {Johns Hopkins University Press},
 title = {Differentiable Structures on Spheres},
 volume = {81},
 year = {1959}
}

@book{saveliev,
  title={Lectures on the Topology of 3-manifolds: An Introduction to the Casson Invariant},
  author={Saveliev, N.},
  isbn={9783110162721},
  lccn={lc99040959},
  series={De Gruyter textbook},
  url={https://books.google.com.hk/books?id=ErraOM8HYcIC},
  year={1999},
  publisher={Walter de Gruyter}
}


@Article{eellskuiper,
author={Eells, James
and Kuiper, Nicolaas H.},
title={An invariant for certain smooth manifolds},
journal={Annali di Matematica Pura ed Applicata},
year={1962},
month={Dec},
day={01},
volume={60},
number={1},
pages={93},
abstract={Starting with Hirzebruch's A-genus we define a numerical invariant$\mu$ for certain (4k-1)-manifolds. We produce examples to show how$\mu$ can distinguish differentiable structures on certain topological manifolds.},
issn={1618-1891},
doi={10.1007/BF02412768},
url={https://doi.org/10.1007/BF02412768}
}


@inproceedings{milnor3,
  title={Differentiable manifolds which are homotopy spheres},
  author={John Milnor},
  year={1959}
}

@article{smale,
 ISSN = {0003486X},
 URL = {http://www.jstor.org/stable/1970239},
 author = {Stephen Smale},
 journal = {Annals of Mathematics},
 number = {2},
 pages = {391--406},
 publisher = {Annals of Mathematics},
 title = {Generalized {Poincar\'e's} Conjecture in Dimensions Greater Than Four},
 volume = {74},
 year = {1961}
}



@book{botttu,
  title={Differential Forms in Algebraic Topology},
  author={Bott, R. and Tu, L.W.},
  isbn={9781475739510},
  lccn={81009172},
  series={Graduate Texts in Mathematics},
  url={https://books.google.com.hk/books?id=COuPBAAAQBAJ},
  year={2013},
  publisher={Springer New York}
}

@article{borelhirzebruch,
 ISSN = {00029327, 10806377},
 URL = {http://www.jstor.org/stable/2372795},
 author = {A. Borel and F. Hirzebruch},
 journal = {American Journal of Mathematics},
 number = {2},
 pages = {458--538},
 publisher = {The Johns Hopkins University Press},
 title = {Characteristic Classes and Homogeneous Spaces, I},
 volume = {80},
 year = {1958}
}



@book{moduli,
  title={Moduli spaces of Riemannian metrics},
  author={Tuschmann, Wilderich and Wraith, David J.},
  year={2015},
  publisher={Springer}
}

@book{milnorcharclass,
  title={Characteristic Classes},
  author={Milnor, J.W. and Stasheff, J.D. },
  isbn={9780691081229},
  lccn={lc72004050},
  series={Annals of mathematics studies},
  url={https://books.google.com.hk/books?id=5zQ9AFk1i4EC},
  year={1974},
  publisher={Princeton University Press}
}

@book{hatcher,
  title={Algebraic Topology},
  author={Hatcher, A. },
  isbn={9780521795401},
  lccn={00065166},
  url={https://books.google.com.hk/books?id=BjKs86kosqgC},
  year={2002},
  publisher={Cambridge University Press}
}

@book{bredon,
  title={Topology and Geometry},
  author={Bredon, G.E.},
  isbn={9781475768480},
  lccn={92031618},
  series={Graduate Texts in Mathematics},
  url={https://books.google.com.hk/books?id=wuUlBQAAQBAJ},
  year={2013},
  publisher={Springer New York}
}

@book{farrellyangsu,
  title={Introductory Lectures on Manifold Topology: Signposts},
  author={Farrell, F.T. and Su, Y.},
  isbn={9781571462879},
  series={Surveys of modern mathematics},
  url={https://books.google.com.hk/books?id=J1vuoAEACAAJ},
  year={2014},
  publisher={International Press}
}

@book{milnorsymmetric,
  title={Symmetric Bilinear Forms},
  author={Milnor, J.W. and Husem{\"o}ller, D.},
  isbn={9783540060093},
  lccn={lc72090190},
  series={Ergebnisse der Mathematik und ihrer Grenzgebiete},
  url={https://books.google.com.gi/books?id=dopWtQEACAAJ},
  year={1973},
  publisher={Springer-Verlag}
}

@book{milnorspin,
  title={Differential and Combinatorial Topology: A Symposium in Honor of Marston Morse (PMS-27)},
  author={Cairns, S.S.},
  isbn={9781400874842},
  series={Princeton Mathematical Series},
  url={https://books.google.com.hk/books?id=Vg3WCgAAQBAJ},
  year={2015},
  publisher={Princeton University Press}
}

@book{lawsonspin,
  title={Spin Geometry},
  author={Lawson, H.B. and Michelsohn, M.L.},
  isbn={9780691085425},
  lccn={89032544},
  series={Princeton Mathematical Series},
  url={https://books.google.com.hk/books?id=3d9JkN8w3X8C},
  year={1989},
  publisher={Princeton University Press}
}




@book{serre,
  title={A Course in Arithmetic},
  author={Serre, J.P.},
  isbn={9781468498844},
  lccn={70190089},
  series={Graduate Texts in Mathematics},
  url={https://books.google.com.hk/books?id=8fPTBwAAQBAJ},
  year={2012},
  publisher={Springer New York}
}

@book{gompf,
  title={4-Manifolds and Kirby Calculus},
  author={Gompf, R.E. and Stipsicz, A.I. },
  isbn={9780821809945},
  lccn={99029942},
  series={Graduate studies in mathematics},
  url={https://books.google.com.hk/books?id=TpGDAwAAQBAJ},
  year={1999},
  publisher={American Mathematical Society}
}

@article{kervairemilnor,
 ISSN = {0003486X},
 URL = {http://www.jstor.org/stable/1970128},
 author = {Michel A. Kervaire and John W. Milnor},
 journal = {Annals of Mathematics},
 number = {3},
 pages = {504--537},
 publisher = {Annals of Mathematics},
 title = {Groups of Homotopy Spheres: I},
 volume = {77},
 year = {1963}
}

@Article{wall,
author={Wall, C. T. C.},
title={Classification problems in differential topology. {V}},
journal={Inventiones mathematicae},
year={1966},
day={01},
volume={1},
number={4},
pages={355-374},
issn={1432-1297},
doi={10.1007/BF01389738},
url={https://doi.org/10.1007/BF01389738}
}


@article{hsiang,
 ISSN = {0003486X},
 URL = {http://www.jstor.org/stable/1970431},
 author = {Wu-chung Hsiang},
 journal = {Annals of Mathematics},
 number = {2},
 pages = {266--272},
 publisher = {Annals of Mathematics},
 title = {A Note on Free Differentiable Actions of {$S^1$ and $S^3$} on Homotopy Spheres},
 volume = {83},
 year = {1966}
}


@article{rs,
 ISSN = {00029939, 10886826},
 URL = {http://www.jstor.org/stable/2036505},
 author = {Reinhard Schultz},
 journal = {Proceedings of the American Mathematical Society},
 number = {3},
 pages = {595--597},
 publisher = {American Mathematical Society},
 title = {The Nonexistence of Free {$S^1$} Actions on Some Homotopy Spheres},
 volume = {27},
 year = {1971}
}

@InProceedings{my,
author="Montgomery, Deane
and Yang, C. T.",
editor="Mostert, Paul S.",
title="Free Differentiable Actions on Homotopy Spheres",
booktitle="Proceedings of the Conference on Transformation Groups",
year="1968",
publisher="Springer Berlin Heidelberg",
address="Berlin, Heidelberg",
pages="175--192",
isbn="978-3-642-46141-5"
}





@article{yijiang,
author = {Jiang, Yi},
year = {2013},
month = {02},
pages = {},
title = {Regular Circle Actions on 2-connected 7-manifolds},
volume = {90},
journal = {Journal of the London Mathematical Society},
doi = {10.1112/jlms/jdu028}
}


@incollection{james1,
title = "THE HOMOTOPY THEORY OF SPHERE BUNDLES OVER SPHERES (I)",
author = "I.M. James",
booktitle = "Algebraic and Classical Topology",
publisher = "Pergamon",
editor = "I.M. James",
publisher = "Pergamon",
pages = "37 - 59",
year = "1962",
isbn = "978-0-08-009872-2",
}



@article{kreckstolz2,
 ISSN = {0003486X},
 URL = {http://www.jstor.org/stable/2007059},
 author = {Matthias Kreck and Stephan Stolz},
 journal = {Annals of Mathematics},
 number = {2},
 pages = {373--388},
 publisher = {Annals of Mathematics},
 title = {A Diffeomorphism Classification of $7$-Dimensional Homogeneous {Einstein} Manifolds with {$SU(3) \times SU(2) \times U(1)$}-symmetry},
 volume = {127},
 year = {1988}
}

@book{hirzebruchtopological,
  title={Topological Methods in Algebraic Geometry},
  author={Hirzebruch, F. and Borel, A. and Schwarzenberger, R.L.E.},
  isbn={9783662306970},
  series={Grundlehren der mathematischen Wissenschaften},
  url={https://books.google.com.hk/books?id=DmLoCAAAQBAJ},
  year={2013},
  publisher={Springer Berlin Heidelberg}
}




@article{kreckstolz,
author = "Kreck, Matthias and Stolz, Stephan",
doi = "10.4310/jdg/1214446327",
fjournal = "Journal of Differential Geometry",
journal = "J. Differential Geom.",
number = "2",
pages = "465--486",
publisher = "Lehigh University",
title = "Some nondiffeomorphic homeomorphic homogeneous $7$-manifolds with positive sectional curvature",
url = "https://doi.org/10.4310/jdg/1214446327",
volume = "33",
year = "1991"
}

@incollection{james2,
title = "THE HOMOTOPY THEORY OF SPHERE BUNDLES OVER SPHERES (II)",
author = "I.M. James",
booktitle = "Algebraic and Classical Topology",
editor = "I.M. James",
publisher = "Pergamon",
pages = "61 - 79",
year = "1962",
isbn = "978-0-08-009872-2",
}

@article{crowley,
title = "A classification of {$S^3$-bundles over $S^4$}",
author="Diarmuid Crowley and Christine M.Escher", 
journal = "Differential Geometry and its Applications",
volume = "18",
number = "3",
pages = "363 - 380",
year = "2003",
issn = "0926-2245",
}



