@article{Be1,
     author = {Pierre Berthelot},
     title = {G\'eom\'etrie rigide et cohomologie des vari\'et\'es alg\'ebriques de caract\'eristique $p$},
     booktitle = {Introductions aux Cohomologies $p$-adiques},
     series = {M\'emoires de la Soci\'et\'e Math\'ematique de France},
     pages = {7--32},
     publisher = {Soci\'et\'e math\'ematique de France},
     number = {23},
     year = {1986},
}
@book{Be2,
     author = {Berthelot, Pierre},
     title = {Cohomologie cristalline des sch\'emas de caract\'eristique $p>0$},
     series = {Lecture Notes in Mathematics},
     publisher = {Springer},
     number = {406},
     year = {1974},
     
}
@book{BO,
     author = {Pierre Berthelot and Arthur Ogus},
     title = {Notes on crystalline cohomology},
     publisher = {Princeton University Press},
     year = {1978},
     isbn = {9780691648323},
}
@book{St,
     author = {Bernard Le Stum},
     title = {Rigid cohomology},
     publisher = {Cambridge University Press},
     series = {Cambridge Tracts in Mathematics}, 
     year = {1974},
}
@article{Be3,
     author = {Pierre Berthelot},
     title = {Finitude \'et puret\'e cohomologique en cohomologique rigide},
     publisher = {Springer},
     journal = {Inventiones mathematicae},
     pages = {329-377},
     year = {1997},
     volume = {128},
}
@article{Be4,
     author = {Pierre Berthelot},
     title = {Dualit\'e de Poincar\'e et formule de K\"unneth en cohomologie rigide},
     journal = {Comptes Rendus de l'Acad√©mie des Sciences - Series I - Mathematics},
     pages = {493-498},
     publisher = {Elsevier Masson SAS},
     year = {1997},
     volume = {325},
}
@article{Ke1,
     author = {Kiran Kedlaya},
     title = {Finiteness of rigid cohomology with coefficients},
     journal = {Duke Math. J.},
     pages = {15-97},
     year = {2006},
     volume = {134},
}
@article{Ke2,
     author = {Kiran Kedlaya},
     title = {Counting points on hyperelliptic curves using Monsky-Washnitzer cohomology},
     journal = {J. Ramanujan Math. Soc.},
     pages = {323-338},
     year = {2001},
     volume = {16},
}
@article{Tsu,
     author = {Nobuo Tsuzuki},
     title = {Cohomological descent of rigid cohomology for proper coverings},
     journal = {Inventiones Mathematicae},
     pages = {101-133},
     year = {2003},
     publisher = {Springer},
     volume = {151},
}
@article{dJ,
     author = {De Jong, Aise Johan},
     title = {Smoothness, semi-stability and alterations},
     journal = {Publications Math\'ematiques de l'IH\'ES},
     pages = {51--93},
     publisher = {Institut des Hautes \'Etudes Scientifiques},
     volume = {83},
     year = {1996},
}
@misc{Sta,
    shorthand    = {Stacks},
    author       = {The {Stacks Project Authors}},
    title        = {Stacks Project},
    howpublished = {\url{https://stacks.math.columbia.edu}},
    year         = {2018},
}
