@book{Sch,
	title={Morse Homology},
	author={Matthias Schwarz},
	publisher={Birkh{\"a}user},
	year={1993},
	series={Progress in Mathematics},
	volume={111},
}

@misc{Hut,
	title={Lecture notes on {Morse} homology (with an eye towards {Floer} theory and pseudoholomorphic curves)},
	author={Michael Hutchings},
	year={2002},
	note={URL: \url{http://www.math.toronto.edu/mgualt/Morse%20Theory/mfp.pdf}.},
}

@book{FU,
	title={Instantons and Four-Manifolds},
	author={Daniel S. Freed and Karen K. Uhlenbeck},
	publisher={Springer},
	year={1991},
	series={Mathematical Sciences Research Institute Publications},
	volume={1},
	edition={second},
}

@book{MS,
	title={$J$-holomorphic Curves and Symplectic Topology},
	author={Dusa McDuff and Dietmar Salamon},
	publisher={American Mathematical Society},
	year={2012},
	series={Colloquium Publications},
	volume={52},
	edition={second},
}

@article{Sma,
	author={Stephen Smale},
	journal={American Journal of Mathematics},
	number={4},
	pages={861--866},
	title={An infinite dimensoinal version of {Sard's} theorem},
	volume={87},
	year={1965},
}

@book{Lan,
	title={Fundamentals of Differential Geometry},
	author={Serge Lang},
	publisher={Springer},
	year={1999},
	series={Graduate Texts in Mathematics},
	volume={191},
}