@article { CTP,
    shorthand = {CTP16},
    author    = {J.-L. Colliot-Thélène and A. Pirutka},
    year      = {2016},
    title     = {Hypersurfaces quartiques de dimension 3~: non-rationalité stable},
    journal   = {Annales Scientifiques de l'École Normale Supérieure},
    volume    = {49},
    number    = {2},
    pages     = {371--397}
}

online { stacks,
    shorthand = {Stacks},
    title     = {The Stacks Project},
    url       = {https://stacks.math.columbia.edu}
}

@book { bloch,
    author    = {S. Bloch},
    year      = {2010},
    title     = {Lectures on Algebraic Cycles},
    edition   = {2},
    series    = {New Mathematical Monographs},
    number    = {16},
    publisher = {Cambridge University Press}
}

@article { rost,
    author  = {M. Rost},
    year    = {1996},
    title   = {Chow groups with coefficients},
    journal = {Documenta Mathematica},
    volume  = {1},
    pages   = {319--393}
}

@inbook { grothendieck-brauer,
    author    = {A. Grothendieck},
    year      = {1968},
    title     = {Le groupe de Brauer I, II, III},
    booktitle = {Dix exposés sur la cohomologie des schémas},
    publisher = {Masson \& North-Holland},
    pages     = {46--188}
}

@article { artin-mumford,
    author  = {M. Artin and D. Mumford},
    year    = {1972},
    title   = {Some elementary examples of unirational varieties which are not rational},
    journal = {Proceedings of the London Mathematical Society},
    volume  = {25},
    number  = {3},
    pages   = {75--95}
}

@article { voisin,
    author  = {C. Voisin},
    year    = {2015},
    title   = {Unirational threefolds with no universal codimension $2$ cycle},
    journal = {Inventiones mathematicae},
    volume  = {201},
    number  = {1},
    pages   = {207--237}
}

@book { kollar,
    author    = {J. Kollár},
    year      = {1996},
    title     = {Rational curves on algebraic varieties},
    series    = {Ergebnisse der Mathematik und ihrer Grenzgebiete},
    number    = {32},
    publisher = {Springer}
}

@book { fulton,
   author    = {W. Fulton},
   year      = {1998},
   title     = {Intersection Theory},
   edition   = {2},
   series    = {Ergebnisse der Mathematik und ihrer Grenzgebiete},
   number    = {2},
   publisher = {Springer}
}

@article { peyre,
    author  = {E. Peyre},
    year    = {2016},
    title   = {Progrès en irrationalité},
    journal = {Séminaire Bourbaki},
    volume  = {1123}
}

@book { milne,
    author    = {J. S. Milne},
    year      = {1980},
    title     = {Étale Cohomology},
    series    = {Princeton Mathematical Series},
    number    = {33},
    publisher = {Princeton University Press}
}

@article { EKW,
    author  = {H. Esnault and M. Kerz and O. Wittenberg},
    year    = {2016},
    title   = {A restriction isomorphism for cycles of relative dimension zero},
    journal = {Cambridge Journal of Mathematics},
    volume  = {4},
    number  = {2},
    pages   = {163--196}
}

@book { serre-local,
    author     = {J.-P. Serre},
    year       = {1979},
    title      = {Local Fields},
    translator = {M. J. Greenberg},
    series     = {Graduate Texts in Mathematics},
    number     = {67},
    publisher  = {Springer}
}

@article { debarre,
    author  = {O. Debarre},
    year    = {2003},
    title   = {Variétés rationnellement connexes},
    journal = {Astérisque},
    volume  = {290},
    pages   = {243--266}
}
journal = {Séminaire Bourbaki},
volume  = {905}

@book { colliot-brauer,
    shorthand = {CTS19},
    author    = {J.-L. Colliot-Thélène and A. N. Skorobogatov},
    year      = {2019},
    title     = {The Brauer--Grothendieck group},
    publisher = {Preprint}
}

article { karpenko,
    author  = {N. A. Karpenko and A. S. Merkurjev},
    year    = {2013},
    title   = {On standard norm varieties},
    journal = {Annales Scientifiques de l'École Normale Supérieure},
    volume  = {46},
    number  = {1},
    pages   = {175--214}
}

@book { bourbaki-commutative,
    author    = {N. Bourbaki},
    year      = {2006},
    title     = {Algèbre Commutative, Chapitres 8 et 9},
    publisher = {Springer}
}

@article { colliot-finitude,
    shorthand = {CT05},
    author    = {J.-L. Colliot-Thélène},
    year      = {2005},
    title     = {Un théorème de finitude pour le groupe de Chow des zéro-cycles d'un groupe algébrique linéaire sur un corps $p$-adique},
    journal   = {Inventiones mathematicae},
    volume    = {159},
    pages     = {589--606}
}

book { matsumura,
    author     = {H. Matsumura},
    translator = {M. Reid},
    year       = {1986},
    title      = {Commutative Ring Theory},
    series     = {Cambridge Studies in Advanced Mathematics},
    number     = {8},
    publisher  = {Cambridge University Press}
}

@article { EGA2,
    shorthand = {EGA-II},
    author    = {A. Grothendieck},
    year      = {1961},
    title     = {Éléments de géométrie algébrique II. Étude globale élémentaire de quelques classes de morphismes},
    journal   = {Publications mathématiques de l'I.H.É.S.},
    volume    = {8},
    pages     = {5--222}
}

@article { EGA4-3,
    shorthand = {EGA-IV3},
    author    = {A. Grothendieck},
    year      = {1966},
    title     = {Éléments de géométrie algébrique IV. Étude locale des schémas et des morphismes de schémas. 3e partie},
    journal   = {Publications mathématiques de l'I.H.É.S.},
    volume    = {28},
    pages     = {5--255}
}

@book { FAG,
    shorthand = {FAG},
    author    = {B. Fantechi and L. Gottsche and L. lllusie and S. L. Kleiman and N. Nitsure and A. Vistoli},
    year      = {2005},
    title     = {Fundamental Algebraic Geometry: Grothendieck's FGA Explained},
    series    = {Mathematical Surveys and Monographs},
    number    = {123},
    publisher = {AMS}
}

@article { colliot-sansuc,
    shorthand = {CTS77},
    author    = {J.-L. Colliot-Thélène and J.-J. Sansuc},
    title     = {La $R$-équivalence sur les tores},
    journal   = {Annales Scientifiques de l'École Normale Supérieure},
    volume    = {10},
    number    = {2},
    year      = {1977},
    pages     = {175--229},
}

@online { hassett-pirutka-tschinkel,
    author     = {B. Hassett and A. Pirutka and Yu.\ Tschinkel},
    year       = {2016},
    title      = {Stable rationality of quadric surface bundles over surfaces},
    eprint     = {1603.09262},
    eprinttype = {arxiv}
}

@book { voisin-book-1,
    author     = {C. Voisin},
    year       = {2002},
    title      = {Hodge Theory and Complex Algebraic Geometry I},
    translator = {L. Schneps},
    series     = {Cambridge Studies in Advanced Mathematics},
    number     = {76},
    publisher  = {Cambridge University Press}
}

@book { voisin-book-2,
    author     = {C. Voisin},
    year       = {2007},
    title      = {Hodge Theory and Complex Algebraic Geometry II},
    translator = {L. Schneps},
    series     = {Cambridge Studies in Advanced Mathematics},
    number     = {77},
    publisher  = {Cambridge University Press}
}

@book { fulton-toric,
    author    = {W. Fulton},
    year      = {1993},
    title     = {Introduction to Toric Varieties},
    series    = {Annals of Mathematics Studies},
    number    = {131},
    publisher = {Princeton University Press}
}

@article { batyrev-cox,
    author  = {V. V. Batyrev and D. A. Cox},
    year    = {1994},
    title   = {On the Hodge structure of projective hypersurfaces in toric varieties},
    journal = {Duke Mathematical Journal},
    volume  = {75},
    number  = {2},
    pages   = {293--338}
}

@article { springer,
    author  = {T. A. Springer},
    year    = {1952},
    title   = {Sur les formes quadratiques d'indice zéro},
    journal = {C. R. Acad.\ Sci.\ Paris},
    volume  = {234},
    pages   = {1517--1519}
}

@inbook { colliot-unramified,
    shorthand = {CT95},
    author    = {J.-L. Colliot-Thélène},
    year      = {1995},
    title     = {Birational invariants, purity and the Gersten conjecture},
    booktitle = {$K$-Theory and Algebraic Geometry: Connections with Quadratic Forms and Division Algebras, Part 1},
    series    = {Proceedings of Symposia in Pure Mathematics},
    number    = {58},
    publisher = {AMS},
    pages     = {1--64}
}

@book { salmon,
    author    = {G. Salmon},
    year      = {1876},
    title     = {Lessons Introductory to the Modern Higher Algebra},
    edition   = {3},
    publisher = {Dublin}
}

@book { griffiths-harris,
    author    = {P. Griffiths and J. Harris},
    year      = {1994},
    title     = {Principles of Algebraic Geometry},
    series    = {Wiley Classics Library},
    publisher = {John Wiley \& Sons}
}
