

@misc{AF12,
    title={Factorization Homology of Topological Manifolds}, 
    author={D. Ayala and J. Francis},
    year={2012},
    eprint={1206.5522},
    archivePrefix={arXiv},
    primaryClass={math.RT}
}

@book{CG16,
    title = {Factorization Algebras in Quantum Field Theory},
    author = {K. Costello and O. Gwilliam.},
    year = {2016},
    publisher = {Cambridge University Press},
}

@article{Dun88,
    author = {G. Dunn},
    title = {Tensor Product of Operads and Iterated Loop Spaces},
    journal = {Journal of Pure and Applied Algebra},
    pages = {237-258},
    year = {1988},
    volume = {50},
}

@article{DK80,
    author = {W. G. Dwyer and D. M. Kan},
    title = {Calculating Simplicial Localizations},
    journal = {Journal of Pure and Applied Algebra},
    pages = {17-35},
    year = {1980},
    volume = {18},
}

@article{FN62,
    author = {E. Fadell and L. Neuwirth},
    title = {Configuration Spaces},
    journal = {Mathematica Scandinavica},
    pages = {111-118},
    year = {1962},
    volume = {10},
}

@misc{Fra11,
    title={The Tangent Complex and Hochschild Cohomology of $E_n$-rings}, 
    author={J. Francis},
    year={2011},
    eprint={1104.0181},
    archivePrefix={arXiv},
    primaryClass={math.RT}
}

@misc{Gin13,
    title={Notes on Factorization Algebras, Factorization Homology and Applications}, 
    author={G. Ginot},
    year={2013},
    eprint={1307.5213​},
    archivePrefix={arXiv},
    primaryClass={math.RT}
}

@misc{GTZ10,
    title={Derived Higher Hochschild Homology, Topological Chiral Homology and Factorization algebras}, 
    author={G. Ginot and T. Tradler and M. Zeinalian},
    year={2010},
    eprint={1011.6483​​},
    archivePrefix={arXiv},
    primaryClass={math.RT}
}

@misc{GTZ12,
    title={Higher Hochschild Cohomology, Brane Topology and Centralizers of $E_n$-algebra Maps}, 
    author={G. Ginot and T. Tradler and M. Zeinalian},
    year={2012},
    eprint={1205.7056​​},
    archivePrefix={arXiv},
    primaryClass={math.RT}
}  

@book{Hov99,
    title = {Model Categories},
    author = {M. Hovey},
    year = {1999},
    publisher = {American Methematical Society},
    series={Mathematical Surveys and Monographs},
    volume={63}
}

@book{KS77,
    title = {Foundational Essays on Topological Manifolds, Smoothings, and Triangulations},
    author = {R. C. Kirby and L. C. Siebenmann},
    year = {1977},
    publisher = {Princeton University Press},
}

@book{Lur09,
    title = {Higher Topos Theory},
    author = {J. Lurie},
    year = {2009},
    publisher = {Princeton University Press},
    series={Annals of Mathematics Studies},
    volume={170}
}

@misc{Lur16,
	author = {J. Lurie},
    title = {Higher Algebra},
	year={2016},
	note={URL: \url{http://www.math.harvard.edu/\~lurie/papers/HA.pdf}.},
}

@misc{MO181828,
    shorthand    = {MathOverflow},
    title        = {$k$-Disk algebras versus $E_k$ algebras},
    howpublished = {\url{https://mathoverflow.net/questions/181828/k-disk-algebras-versus-e-k-algebras}},
}

@book{May72,
    title = {The Geometry of Iterated Loop Spaces},
    author = {J. P. May},
    year = {1972},
    publisher = {Springer},
    series={Lecture Notes in Mathematics},
    volume={271}
}

@misc{nLab,
    shorthand    = {nLab},
    title        = {The nLab},
    howpublished = {\url{https://ncatlab.org}},
}